%% This BibTeX bibliography file was created using BibDesk.
%% https://bibdesk.sourceforge.io/

%% Created for Jose Antonio Ayala Barbosa at 2019-08-27 12:21:29 PM -0500 


%% Saved with string encoding Unicode (UTF-8) 



@book{Buta2011,
	Author = {Giorgio C. Butazzo},
	Date-Added = {2019-08-27 11:48:01 AM -0500},
	Date-Modified = {2019-08-27 12:21:14 PM -0500},
	Publisher = {Springer Science & Business Media},
	Title = {Hard real-time computing systems: predictable scheduling algorithms and applications},
	Year = {2011}}

@article{IntraNode,
	Author = {Carlos Rea{\~n}o and Federico Silla and Dimitrios S. Nikolopoulos and Blesson Varghese},
	Date-Added = {2019-08-23 7:06:09 PM -0500},
	Date-Modified = {2019-08-23 7:07:24 PM -0500},
	Journal = {IEEE TRANSACTIONS ON PARALLEL AND DISTRIBUTED SYSTEMS},
	Number = {5},
	Title = {Intra-Node Memory Safe GPU Co-Scheduling},
	Volume = {29},
	Year = {2018}}

@article{GPES,
	Author = {Husheng Zhou and Guangmo Tong and Cong Liu},
	Date-Added = {2019-08-23 7:03:49 PM -0500},
	Date-Modified = {2019-08-23 7:05:41 PM -0500},
	Journal = {21st IEEE Real-Time and Embedded Technology and Applications Symposium},
	Title = {GPES: A Preemptive Execution System for GPGPU Computing},
	Year = {2015}}

@article{GPUSync,
	Author = {Glenn A. Elliott and Bryan C. Ward and James H. Anderson},
	Date-Added = {2019-08-23 7:02:58 PM -0500},
	Date-Modified = {2019-08-23 7:03:37 PM -0500},
	Journal = {IEEE 34th Real-Time Systems Symposium},
	Title = {GPUSync: A Framework for Real-Time GPU Management},
	Year = {2013}}

@article{PreeK,
	Author = {Jon Calhoun and Hai Jiang and},
	Date-Added = {2019-08-23 7:01:50 PM -0500},
	Date-Modified = {2019-08-23 7:02:49 PM -0500},
	Journal = {13th ACIS International Conference on Software Engineering, Artificial Intelligence, Networking and Parallel/Distributed Computing},
	Title = {Preemption of a CUDA Kernel Function},
	Year = {2012}}

@article{EffiSha,
	Author = {Guoyang Chen and Yue Zhao and Xipeng Shen and Huiyang Zhou},
	Date-Added = {2019-08-23 6:59:29 PM -0500},
	Date-Modified = {2019-08-23 7:01:08 PM -0500},
	Journal = {AMC},
	Title = {EffiSha: A Software Framework for Enabling Efficient Preemptive Scheduling of GPU},
	Year = {2017}}

@manual{WPNV,
	Author = {NVIDIA},
	Date-Added = {2019-08-23 6:57:30 PM -0500},
	Date-Modified = {2019-08-23 6:59:19 PM -0500},
	Title = {NVIDIA Tesla P100 The Most Advanced Datacenter Accelerator Ever Built Featuring Pascal GP100, the World's Fastest GPU},
	Year = {2016}}

@article{RGEM,
	Author = {Shinpei Kato and Karthik Lakshmanan and Aman Kumar and Mihir Kelkar and Yutaka Ishikawa and Ragunathan (Raj) Rajkumar},
	Date-Added = {2019-08-23 6:55:17 PM -0500},
	Date-Modified = {2019-08-23 6:57:14 PM -0500},
	Journal = {32nd IEEE Real-Time Systems Symposium},
	Title = {RGEM: A Responsive GPGPU Execution Model for Runtime Engines},
	Year = {2011}}

@article{TX2-H,
	Author = {"Tanya Amert" and "Nathan Otterness" and "Ming Yang" and "James H. Anderson" and "F. Donelson Smith"},
	Date-Added = {2019-08-23 6:52:25 PM -0500},
	Date-Modified = {2019-08-23 6:55:04 PM -0500},
	Journal = {IEEE Real-Time Systems Symposium},
	Title = {GPU Scheduling on the NVIDIA TX2: Hidden Details Revealed},
	Year = {2017}}

@article{GPUArt,
	Author = {Christoph Hartmann and Ulrich Margull},
	Date-Added = {2019-08-23 6:48:53 PM -0500},
	Date-Modified = {2019-08-23 6:50:44 PM -0500},
	Journal = {Journal of Systems Architecture},
	Title = {GPUart - An Application-Based Limited Preemptive GPU Real-Time Scheduler for Embedded Systems},
	Year = {2018}}

@url{AMD1,
	Date-Added = {2019-08-23 6:46:34 PM -0500},
	Date-Modified = {2019-08-23 6:47:23 PM -0500},
	Lastchecked = {23 june 2019},
	Urldate = {https://www.amd.com/es-xl/products/graphics/server/gpu-compute}}
