%% This BibTeX bibliography file was created using BibDesk.
%% http://bibdesk.sourceforge.net/

%% Created for Olga at 2019-08-15 15:41:55 -0500 


%% Saved with string encoding Unicode (UTF-8) 



@unpublished{Fer1908,
	Author = {Eduardo B. Fern{\'a}ndez},
	Date-Added = {2019-08-15 15:35:34 -0500},
	Date-Modified = {2019-08-15 15:41:18 -0500},
	Month = {Marzo},
	Note = {En comunicaci{\'o}n con Eduardo B. Fern{\'a}ndez},
	Title = {Pol{\'\i}ticas de seguridad },
	Year = {2019}}

@book{Val19,
	Annote = {Part 3: Business Knowledge for Internal Auditing},
	Author = {S. Rao Vallabhaneni},
	Date-Added = {2019-07-26 17:32:15 -0500},
	Date-Modified = {2019-07-26 17:35:14 -0500},
	Isbn = {978-1-119-52449-6},
	Publisher = {Jonh Wiley and Sons, Inc.},
	Title = {Wiley CIAexecl Exam Review 2019},
	Year = {2019}}

@article{FerYosWas18,
	Author = {Eduardo B. Fernandez and Nubokazu Yoshioka and Hironori Washizaki},
	Date-Added = {2019-04-03 16:04:38 -0400},
	Date-Modified = {2019-04-04 11:39:47 -0400},
	Isbn = {978-1-4503-6448-5},
	Journal = {Association for Computing Machinery},
	Title = {Evaluating the degree of security of a system built using security patterns},
	Year = {2018}}

@conference{BraFerVan08,
	Author = {Fabricio A. Braz and Eduardo B. Fernandez and Michael VanHilst},
	Date-Added = {2019-03-11 13:32:05 -0400},
	Date-Modified = {2019-03-11 13:40:23 -0400},
	Isbn = {978-0-76953299-8},
	Journal = {19th International Workshop on Database and Expert Systems Applications},
	Publisher = {IEEE},
	Title = {Eliciting Security Requirements through Misuse Activities},
	Year = {2008}}

@article{FerVanPet06,
	Author = {Eduardo B. Fernandez and Michael VanHilst and Maria M Larrondo Petrie and Shihong Huang},
	Date-Added = {2019-03-01 14:10:29 -0500},
	Date-Modified = {2019-03-01 14:17:35 -0500},
	Journal = {IFIP International Federation for Information Processing},
	Pages = {123-137},
	Title = {Defining Security Requirements Through Misuse Actions},
	Volume = {219},
	Year = {2006}}

@book{RumJacBoo05,
	Author = {James Rumbaugh and Ivar Jacobson and Grady Booch},
	Date-Added = {2019-03-01 13:34:06 -0500},
	Date-Modified = {2019-03-01 13:35:35 -0500},
	Edition = {Second edition},
	Isbn = {0-321-24562-8},
	Publisher = {Addison-Wesley},
	Title = {The Unified Modeling Language Reference Manual},
	Year = {2005}}

@url{Pas2018,
	Author = {Paolo Passeri},
	Date-Added = {2018-11-12 22:14:11 -0600},
	Date-Modified = {2018-11-12 22:18:31 -0600},
	Lastchecked = {12 Noviembre 2018},
	Title = {January - September 2018 Cyber Attack Statistics},
	Url = {https://www.hackmageddon.com/2018/10/15/january-september-2018-cyber-attack-statistics/},
	Urldate = {12 Noviembre 2018},
	Bdsk-Url-1 = {https://www.hackmageddon.com/2018/10/15/january-september-2018-cyber-attack-statistics/}}

@book{steel2005core,
	Author = {Steel, C. and Nagappan, R. and Lai, R.},
	Date-Added = {2018-10-09 09:08:06 -0500},
	Date-Modified = {2018-10-09 09:08:06 -0500},
	Isbn = {9780131463073},
	Lccn = {2005020502},
	Publisher = {Prentice Hall PTR},
	Series = {Core Series},
	Title = {Core Security Patterns: Best Practices and Strategies for J2EE, Web Services, and Identity Management},
	Url = {https://books.google.com.mx/books?id=u6tQAAAAMAAJ},
	Year = {2005},
	Bdsk-Url-1 = {https://books.google.com.mx/books?id=u6tQAAAAMAAJ}}

@techreport{Ace1709,
	Author = {Vicente Aceituno},
	Date-Added = {2018-09-24 18:23:18 -0500},
	Date-Modified = {2018-09-24 18:27:23 -0500},
	Institution = {The Open Group},
	Isbn = {1-937218-98-0},
	Month = {Septiembre},
	Number = {2.0},
	Title = {Open Information Security Managment Maturity Model (O-ISM3)},
	Year = {2017}}

@book{MerRag12,
	Author = {Mark S. Merkow and Lakshmikanth Raghavan},
	Date-Added = {2018-09-18 14:29:45 -0500},
	Date-Modified = {2018-09-18 14:32:17 -0500},
	Isbn = {978-1-4398-662-1},
	Publisher = {CRC Press},
	Title = {Secure and Resilient Software : Requirements, Test Cases and Testing Methods},
	Year = {2012}}

@book{StaTec0609,
	Author = {National Institute of Standards and Technology},
	Date-Added = {2018-09-17 17:01:20 -0500},
	Date-Modified = {2018-09-17 17:03:42 -0500},
	Month = {Marzo},
	Number = {FIPS Publication 200},
	Publisher = {NIST},
	Title = {Minimum Security Requirements for Federal Information and Information Systems},
	Year = {2006}}

@book{StaTec0409,
	Author = {National Institute of Standards and Technology},
	Date-Added = {2018-09-17 13:16:13 -0500},
	Date-Modified = {2018-09-17 13:46:20 -0500},
	Month = {Febrero},
	Publisher = {NIST},
	Title = {Standards for Security Categorization of Federal Information and Information Systems},
	Year = {2004}}

@book{Sta11,
	Author = {William Stallings},
	Date-Added = {2018-09-17 13:01:05 -0500},
	Date-Modified = {2018-09-17 13:03:36 -0500},
	Editor = {Tracy Dunkelberger},
	Isbn = {978-0-13-609704-4},
	Publisher = {Prentice Hall},
	Title = {Cryptography and Network Security: Principles and Practice},
	Year = {2011}}

@book{gupta2016handbook,
	Author = {Gupta, B. and Agrawal, D.P. and Yamaguchi, S.},
	Date-Added = {2018-08-27 18:52:21 -0500},
	Date-Modified = {2018-08-27 18:52:21 -0500},
	Isbn = {9781522501060},
	Lccn = {2016002930},
	Publisher = {IGI Global},
	Series = {Advances in Information Security, Privacy, and Ethics},
	Title = {Handbook of Research on Modern Cryptographic Solutions for Computer and Cyber Security},
	Url = {https://books.google.com.mx/books?id=Ctk6DAAAQBAJ},
	Year = {2016},
	Bdsk-Url-1 = {https://books.google.com.mx/books?id=Ctk6DAAAQBAJ}}

@article{JouRabAis14,
	Author = {Mouna Jouini and Latifa Ben Arfa Rabai and Anis Ben Aissa},
	Date-Added = {2018-08-27 17:40:56 -0500},
	Date-Modified = {2018-08-27 17:43:49 -0500},
	Doi = {10.1016/j.procs.2014.05.452},
	Journal = {5th International Conference on Ambient Systems, Networks and Technologies},
	Pages = {489-496},
	Title = {Classification of security threats in information systems},
	Year = {2014},
	Bdsk-Url-1 = {https://doi.org/10.1016/j.procs.2014.05.452}}

@book{KimSol18,
	Author = {David Kim and Michael G. Solomon},
	Date-Added = {2018-08-27 16:05:26 -0500},
	Date-Modified = {2018-08-27 16:06:37 -0500},
	Edition = {Third Edition},
	Publisher = {Jones and Bartlett Learning},
	Series = {Information Systems Security and Assurance Series},
	Title = {Fundamentals of Information System Security},
	Year = {2018}}

@book{Sho14,
	Author = {Adam Shostack},
	Date-Added = {2018-08-20 22:16:01 -0500},
	Date-Modified = {2018-08-20 22:16:42 -0500},
	Isbn = {978-1-118-80999-0},
	Publisher = {Jonh Wiley and Sons, Inc.},
	Title = {Threat Modeling: Designing for security},
	Year = {2014}}

@article{HalChaSte06,
	Author = {Spoyros T. Halkidis and Alexander Chatzigeorgiou and George Stephanides},
	Date-Added = {2018-06-13 21:25:33 +0000},
	Date-Modified = {2018-06-13 21:27:13 +0000},
	Journal = {ELSEVIER},
	Number = {25},
	Pages = {379-392},
	Title = {A qualitative analysis of software security patterns},
	Year = {2006}}

@article{YauScaHey,
	Author = {Yautsiukhin, Artsiom and Scandariato, Riccardo and Heyman, Thomas and Massacci, Fabio and Joosen, Wouter},
	Date-Added = {2018-06-13 21:09:47 +0000},
	Date-Modified = {2018-06-13 21:14:22 +0000},
	Title = {Towards a quantitative assessment of security in software architectures}}

@book{Hel87,
	Author = {Hermann Ludwig Ferdinand von Helmholtz},
	Date-Added = {2018-06-10 23:56:59 +0000},
	Date-Modified = {2018-06-10 23:57:51 +0000},
	Publisher = {Verlag nicht ermittelbar},
	Title = {Z{\"a}hlen und Messen erkenntnisstheoretisch betrachtet},
	Year = {1887}}

@article{KieEldTyr06,
	Author = {Darrell M. Kienzle and Matthew C. Elder and David Tyree and James Edwards-hewitt},
	Date-Added = {2018-06-10 20:50:25 +0000},
	Date-Modified = {2018-06-10 20:52:40 +0000},
	Title = {Security Patterns Repository, version 1.0},
	Year = {2006}}

@article{KonCamWas03,
	Author = {Betty H. C. Sasha Konrad and Laura A. Campbell and Ronald Wassermann},
	Date-Added = {2018-06-10 20:46:09 +0000},
	Date-Modified = {2018-06-10 20:49:08 +0000},
	Journal = {IEEE Workshop on Requirements for High Assurance Systems},
	Title = {Using Security Patterns to Model and Analyze Security Requirements},
	Year = {2003}}

@techreport{DouSaySea0906,
	Author = {Chad Dougherty and Kirk Sayre and Robert C. Seacord and David Svoboda and Kazuya Togashi},
	Date-Added = {2018-06-10 20:42:57 +0000},
	Date-Modified = {2018-06-10 20:45:28 +0000},
	Institution = {Software Engineering Institute},
	Month = {Marzo},
	Title = {Secure Design Patterns},
	Type = {Technical Report},
	Year = {2009}}

@article{PonShiKre16,
	Author = {Poonam Ponde and Shailaja Shirwaikar and Christian Kreiner},
	Date-Added = {2018-06-10 14:25:56 +0000},
	Date-Modified = {2018-06-10 14:28:51 +0000},
	Isbn = {978-1-4503-4074-8},
	Journal = {EuroPLoP},
	Pages = {26},
	Title = {An Analytical Study of Security Patterns},
	Year = {2016},
	Bdsk-File-1 = {YnBsaXN0MDDSAQIDBFxyZWxhdGl2ZVBhdGhZYWxpYXNEYXRhXxBELi4vRG9jdW1lbnRzL1JlZi4gVGVzaXMvQW4gYW5hbHl0aWNhbCBzdHVkeSBvZiBzZWN1cml0eSBwYXR0ZXJucy5wZGZPEQHKAAAAAAHKAAIAAAhNYWMgQm9vawAAAAAAAAAAAAAAAAAAAAAAAAAAAAAAQkQAAf////8fQW4gYW5hbHl0aWNhbCBzdHVkI0ZGRkZGRkZGLnBkZgAAAAAAAAAAAAAAAAAAAAAAAAAAAAAAAAAAAAAAAAAA/////wAAAAAAAAAAAAAAAAABAAMAAAogY3UAAAAAAAAAAAAAAAAAClJlZi4gVGVzaXMAAgBOLzpVc2VyczpvbGdhOkRvY3VtZW50czpSZWYuIFRlc2lzOkFuIGFuYWx5dGljYWwgc3R1ZHkgb2Ygc2VjdXJpdHkgcGF0dGVybnMucGRmAA4AWgAsAEEAbgAgAGEAbgBhAGwAeQB0AGkAYwBhAGwAIABzAHQAdQBkAHkAIABvAGYAIABzAGUAYwB1AHIAaQB0AHkAIABwAGEAdAB0AGUAcgBuAHMALgBwAGQAZgAPABIACABNAGEAYwAgAEIAbwBvAGsAEgBMVXNlcnMvb2xnYS9Eb2N1bWVudHMvUmVmLiBUZXNpcy9BbiBhbmFseXRpY2FsIHN0dWR5IG9mIHNlY3VyaXR5IHBhdHRlcm5zLnBkZgATAAEvAAAVAAIAC///AAAACAANABoAJABrAAAAAAAAAgEAAAAAAAAABQAAAAAAAAAAAAAAAAAAAjk=}}

@book{Lan17,
	Author = {Douglas J. Landoll},
	Date-Added = {2018-06-10 04:11:32 +0000},
	Date-Modified = {2018-06-10 04:14:22 +0000},
	Isbn = {1315355477},
	Publisher = {CRC Press},
	Title = {Information Security Policies, Procedures, and Standars A Practitioner's Reference},
	Year = {2017}}

@book{WhiMat12,
	Author = {Michael E. Whitman and Herbert J. Mattord},
	Date-Added = {2018-06-08 01:48:23 +0000},
	Date-Modified = {2018-06-08 01:51:10 +0000},
	Edition = {Cuarta Edici{\'o}n},
	Publisher = {Course Technology},
	Title = {Principles of Information Security},
	Year = {2012}}

@book{Mjo12,
	Author = {Stig F. Mjolsnes},
	Date-Added = {2018-06-07 19:00:29 +0000},
	Date-Modified = {2018-06-07 19:02:33 +0000},
	Publisher = {CRC Press},
	Series = {Discrete Mathematics and its Applications},
	Title = {A Multidisciplinary Introduction to Information Security},
	Year = {2012}}

@book{BazLim07,
	Author = {Ioana V. Bazavan and Ian Lim},
	Date-Added = {2018-06-07 17:57:24 +0000},
	Date-Modified = {2018-06-07 18:00:05 +0000},
	Isbn = {0-8493-9275-6},
	Publisher = {Auerbach publications},
	Title = {Information Security Cost Management},
	Year = {2007}}

@inbook{Weik2001,
	Address = {Boston, MA},
	Author = {Weik, Martin H.},
	Booktitle = {Computer Science and Communications Dictionary},
	Date-Added = {2018-06-07 17:23:31 +0000},
	Date-Modified = {2018-06-07 17:23:31 +0000},
	Doi = {10.1007/1-4020-0613-6_18866},
	Isbn = {978-1-4020-0613-5},
	Pages = {1717--1717},
	Publisher = {Springer US},
	Title = {system design},
	Url = {https://doi.org/10.1007/1-4020-0613-6_18866},
	Year = {2001},
	Bdsk-Url-1 = {https://doi.org/10.1007/1-4020-0613-6_18866}}

@article{ScaJooYsk06,
	Author = {Riccardo Scandariato and Wouter Joosen and Koen Yskout and Thomas Heyman},
	Date-Added = {2018-05-24 13:13:35 +0000},
	Date-Modified = {2018-05-24 13:15:42 +0000},
	Journal = {Report CW 469},
	Title = {A system of security patterns},
	Year = {2006},
	Bdsk-File-1 = {YnBsaXN0MDDSAQIDBFxyZWxhdGl2ZVBhdGhZYWxpYXNEYXRhXxA5Li4vRG9jdW1lbnRzL1JlZi4gVGVzaXMvQSBTeXN0ZW0gb2YgU2VjdXJpdHkgUGF0dGVybnMucGRmTxEBoAAAAAABoAACAAAITWFjIEJvb2sAAAAAAAAAAAAAAAAAAAAAAAAAAAAAAEJEAAH/////H0EgU3lzdGVtIG9mIFNlY3VyaSNGRkZGRkZGRi5wZGYAAAAAAAAAAAAAAAAAAAAAAAAAAAAAAAAAAAAAAAAAAP////8AAAAAAAAAAAAAAAAAAQADAAAKIGN1AAAAAAAAAAAAAAAAAApSZWYuIFRlc2lzAAIAQy86VXNlcnM6b2xnYTpEb2N1bWVudHM6UmVmLiBUZXNpczpBIFN5c3RlbSBvZiBTZWN1cml0eSBQYXR0ZXJucy5wZGYAAA4ARAAhAEEAIABTAHkAcwB0AGUAbQAgAG8AZgAgAFMAZQBjAHUAcgBpAHQAeQAgAFAAYQB0AHQAZQByAG4AcwAuAHAAZABmAA8AEgAIAE0AYQBjACAAQgBvAG8AawASAEFVc2Vycy9vbGdhL0RvY3VtZW50cy9SZWYuIFRlc2lzL0EgU3lzdGVtIG9mIFNlY3VyaXR5IFBhdHRlcm5zLnBkZgAAEwABLwAAFQACAAv//wAAAAgADQAaACQAYAAAAAAAAAIBAAAAAAAAAAUAAAAAAAAAAAAAAAAAAAIE}}

@phdthesis{Kum14,
	Author = {Ajoy Kumar},
	Date-Added = {2018-05-24 02:49:56 +0000},
	Date-Modified = {2018-05-24 02:56:38 +0000},
	School = {Florida Atlantic University},
	Title = {Unifying the Conceptual Levels of Network Security through the Use of Patterns},
	Year = {2014},
	Bdsk-File-1 = {YnBsaXN0MDDSAQIDBFxyZWxhdGl2ZVBhdGhZYWxpYXNEYXRhXxBqLi4vRG9jdW1lbnRzL1JlZi4gVGVzaXMvVW5pZnlpbmcgdGhlIGNvbmNlcHR1YWwgbGV2ZWxzIG9mIG5ldHdvcmsgc2VjdXJpdHkgdGhyb3VnaCB0aGUgdXNlIG9mIHBhdHRlcm5zLnBkZk8RAmIAAAAAAmIAAgAACE1hYyBCb29rAAAAAAAAAAAAAAAAAAAAAAAAAAAAAABCRAAB/////x9VbmlmeWluZyB0aGUgY29uY2UjRkZGRkZGRkYucGRmAAAAAAAAAAAAAAAAAAAAAAAAAAAAAAAAAAAAAAAAAAD/////AAAAAAAAAAAAAAAAAAEAAwAACiBjdQAAAAAAAAAAAAAAAAAKUmVmLiBUZXNpcwACAHQvOlVzZXJzOm9sZ2E6RG9jdW1lbnRzOlJlZi4gVGVzaXM6VW5pZnlpbmcgdGhlIGNvbmNlcHR1YWwgbGV2ZWxzIG9mIG5ldHdvcmsgc2VjdXJpdHkgdGhyb3VnaCB0aGUgdXNlIG9mIHBhdHRlcm5zLnBkZgAOAKYAUgBVAG4AaQBmAHkAaQBuAGcAIAB0AGgAZQAgAGMAbwBuAGMAZQBwAHQAdQBhAGwAIABsAGUAdgBlAGwAcwAgAG8AZgAgAG4AZQB0AHcAbwByAGsAIABzAGUAYwB1AHIAaQB0AHkAIAB0AGgAcgBvAHUAZwBoACAAdABoAGUAIAB1AHMAZQAgAG8AZgAgAHAAYQB0AHQAZQByAG4AcwAuAHAAZABmAA8AEgAIAE0AYQBjACAAQgBvAG8AawASAHJVc2Vycy9vbGdhL0RvY3VtZW50cy9SZWYuIFRlc2lzL1VuaWZ5aW5nIHRoZSBjb25jZXB0dWFsIGxldmVscyBvZiBuZXR3b3JrIHNlY3VyaXR5IHRocm91Z2ggdGhlIHVzZSBvZiBwYXR0ZXJucy5wZGYAEwABLwAAFQACAAv//wAAAAgADQAaACQAkQAAAAAAAAIBAAAAAAAAAAUAAAAAAAAAAAAAAAAAAAL3}}

@article{FriWan08,
	Author = {Marcel Frigault and Lingyu Wang},
	Date-Added = {2018-05-23 23:17:19 +0000},
	Date-Modified = {2018-05-23 23:19:30 +0000},
	Isbn = {0730-3157/08},
	Journal = {Annual IEEE International computer Software and Applications Conference},
	Pages = {698 - 703},
	Title = {Measuring Network Security Using Bayesian Network-Based Attack Graphs},
	Year = {2008}}

@manual{OEC0205,
	Author = {OECD},
	Date-Added = {2018-05-23 04:42:41 +0000},
	Date-Modified = {2018-05-23 04:44:36 +0000},
	Edition = {1037},
	Month = {Julio},
	Organization = {OECD},
	Title = {Guidelines for the Security of Information Systems and Networks},
	Year = {2002}}

@article{AtzLio0605,
	Author = {Andrea Atzeni and Antonio Lioy},
	Date-Added = {2018-05-22 23:41:48 +0000},
	Date-Modified = {2018-05-22 23:44:23 +0000},
	Doi = {10.1007/978-0-387-36584-8_1},
	Month = {Enero},
	Title = {Why to adopt a security metic? A brief survey},
	Year = {2006},
	Bdsk-File-1 = {YnBsaXN0MDDSAQIDBFxyZWxhdGl2ZVBhdGhZYWxpYXNEYXRhXxBJLi4vRG9jdW1lbnRzL1JlZi4gVGVzaXMvV2h5X3RvX2Fkb3B0X2Ffc2VjdXJpdHlfbWV0cmljX0FfYnJpZWZfc3VydmV5LnBkZk8RAeAAAAAAAeAAAgAACE1hYyBCb29rAAAAAAAAAAAAAAAAAAAAAAAAAAAAAABCRAAB/////x9XaHlfdG9fYWRvcHRfYV9zZWMjRkZGRkZGRkYucGRmAAAAAAAAAAAAAAAAAAAAAAAAAAAAAAAAAAAAAAAAAAD/////AAAAAAAAAAAAAAAAAAEAAwAACiBjdQAAAAAAAAAAAAAAAAAKUmVmLiBUZXNpcwACAFMvOlVzZXJzOm9sZ2E6RG9jdW1lbnRzOlJlZi4gVGVzaXM6V2h5X3RvX2Fkb3B0X2Ffc2VjdXJpdHlfbWV0cmljX0FfYnJpZWZfc3VydmV5LnBkZgAADgBkADEAVwBoAHkAXwB0AG8AXwBhAGQAbwBwAHQAXwBhAF8AcwBlAGMAdQByAGkAdAB5AF8AbQBlAHQAcgBpAGMAXwBBAF8AYgByAGkAZQBmAF8AcwB1AHIAdgBlAHkALgBwAGQAZgAPABIACABNAGEAYwAgAEIAbwBvAGsAEgBRVXNlcnMvb2xnYS9Eb2N1bWVudHMvUmVmLiBUZXNpcy9XaHlfdG9fYWRvcHRfYV9zZWN1cml0eV9tZXRyaWNfQV9icmllZl9zdXJ2ZXkucGRmAAATAAEvAAAVAAIAC///AAAACAANABoAJABwAAAAAAAAAgEAAAAAAAAABQAAAAAAAAAAAAAAAAAAAlQ=}}

@article{OrtGarFer11,
	Author = {Roberto Ortiz and Javier Garz{\'a}s and Eduardo Fern{\'a}ndez},
	Date-Added = {2018-05-22 22:44:55 +0000},
	Date-Modified = {2018-05-22 22:47:02 +0000},
	Journal = {CAiSE},
	Lnbip = {83},
	Pages = {652-659},
	Title = {Analysis of application of Security Patterns to Build Secure Systems},
	Year = {2011}}

@webpage{UniTipos17,
	Date-Added = {2018-05-21 04:00:31 +0000},
	Date-Modified = {2018-05-21 04:02:35 +0000},
	Lastchecked = {Mayo 2018},
	Publisher = {Universidad Internacional de Valencia},
	Title = {Tres tipos de seguridad inform{\'a}tica que debes conocer},
	Url = {https://www.universidadviu.es/tres-tipos-seguridad-informatica-debes-conocer/},
	Year = {2017},
	Bdsk-Url-1 = {https://www.universidadviu.es/tres-tipos-seguridad-informatica-debes-conocer/}}

@book{Urb16,
	Author = {Gabriel Baca Urbina},
	Date-Added = {2018-05-21 03:35:49 +0000},
	Date-Modified = {2018-05-21 03:38:07 +0000},
	Edition = {Primera Edici{\'o}n},
	Isbn = {978-607-744-471-8},
	Publisher = {Grupo editorial Patria},
	Title = {Introducci{\'o}n a la Seguridad inform{\'a}tica},
	Year = {2016}}

@article{ZalDraMcK14,
	Author = {Janusz Zalewski and Steven Drager and William McKeever and Andrew J Kornecki},
	Date-Added = {2018-04-25 23:49:02 +0000},
	Date-Modified = {2018-04-25 23:50:57 +0000},
	Doi = {10.15439},
	Journal = {Federated Conference on Computer Science and Information Systems},
	Pages = {131-140},
	Title = {Measuring Security: A Challenge for the Generation},
	Volume = {3},
	Year = {2014},
	Bdsk-File-1 = {YnBsaXN0MDDSAQIDBFxyZWxhdGl2ZVBhdGhZYWxpYXNEYXRhXxBOLi4vRG9jdW1lbnRzL1JlZi4gVGVzaXMvTWVhc3VyaW5nIFNlY3VyaXR5XyBBIENoYWxsZW5nZSBmb3IgdGhlIEdlbmVyYXRpb24ucGRmTxEB8gAAAAAB8gACAAAITWFjIEJvb2sAAAAAAAAAAAAAAAAAAAAAAAAAAAAAAEJEAAH/////H01lYXN1cmluZyBTZWN1cml0eSNGRkZGRkZGRi5wZGYAAAAAAAAAAAAAAAAAAAAAAAAAAAAAAAAAAAAAAAAAAP////8AAAAAAAAAAAAAAAAAAQADAAAKIGN1AAAAAAAAAAAAAAAAAApSZWYuIFRlc2lzAAIAWC86VXNlcnM6b2xnYTpEb2N1bWVudHM6UmVmLiBUZXNpczpNZWFzdXJpbmcgU2VjdXJpdHlfIEEgQ2hhbGxlbmdlIGZvciB0aGUgR2VuZXJhdGlvbi5wZGYADgBuADYATQBlAGEAcwB1AHIAaQBuAGcAIABTAGUAYwB1AHIAaQB0AHkAXwAgAEEAIABDAGgAYQBsAGwAZQBuAGcAZQAgAGYAbwByACAAdABoAGUAIABHAGUAbgBlAHIAYQB0AGkAbwBuAC4AcABkAGYADwASAAgATQBhAGMAIABCAG8AbwBrABIAVlVzZXJzL29sZ2EvRG9jdW1lbnRzL1JlZi4gVGVzaXMvTWVhc3VyaW5nIFNlY3VyaXR5XyBBIENoYWxsZW5nZSBmb3IgdGhlIEdlbmVyYXRpb24ucGRmABMAAS8AABUAAgAL//8AAAAIAA0AGgAkAHUAAAAAAAACAQAAAAAAAAAFAAAAAAAAAAAAAAAAAAACaw==}}

@incollection{Jan0904,
	Author = {Wayne Jansen},
	Booktitle = {Computer Security},
	Date-Added = {2018-04-25 23:27:40 +0000},
	Date-Modified = {2018-04-25 23:30:09 +0000},
	Month = {Abril},
	Nistir = {7564},
	Publisher = {National Institute of Standards and Technology},
	Title = {Directions in Security Metrics Research},
	Year = {2009},
	Bdsk-File-1 = {YnBsaXN0MDDSAQIDBFxyZWxhdGl2ZVBhdGhZYWxpYXNEYXRhXxBDLi4vRG9jdW1lbnRzL1JlZi4gVGVzaXMvRGlyZWN0aW9ucyBpbiBTZWN1cml0eSBtZXRyaWNzIFJlc2VhcmNoLnBkZk8RAcgAAAAAAcgAAgAACE1hYyBCb29rAAAAAAAAAAAAAAAAAAAAAAAAAAAAAABCRAAB/////x9EaXJlY3Rpb25zIGluIFNlY3UjRkZGRkZGRkYucGRmAAAAAAAAAAAAAAAAAAAAAAAAAAAAAAAAAAAAAAAAAAD/////AAAAAAAAAAAAAAAAAAEAAwAACiBjdQAAAAAAAAAAAAAAAAAKUmVmLiBUZXNpcwACAE0vOlVzZXJzOm9sZ2E6RG9jdW1lbnRzOlJlZi4gVGVzaXM6RGlyZWN0aW9ucyBpbiBTZWN1cml0eSBtZXRyaWNzIFJlc2VhcmNoLnBkZgAADgBYACsARABpAHIAZQBjAHQAaQBvAG4AcwAgAGkAbgAgAFMAZQBjAHUAcgBpAHQAeQAgAG0AZQB0AHIAaQBjAHMAIABSAGUAcwBlAGEAcgBjAGgALgBwAGQAZgAPABIACABNAGEAYwAgAEIAbwBvAGsAEgBLVXNlcnMvb2xnYS9Eb2N1bWVudHMvUmVmLiBUZXNpcy9EaXJlY3Rpb25zIGluIFNlY3VyaXR5IG1ldHJpY3MgUmVzZWFyY2gucGRmAAATAAEvAAAVAAIAC///AAAACAANABoAJABqAAAAAAAAAgEAAAAAAAAABQAAAAAAAAAAAAAAAAAAAjY=}}

@url{JanWyk,
	Author = {Girish Janardhanudu and Ken van Wyk},
	Date-Added = {2018-04-19 13:21:24 +0000},
	Date-Modified = {2018-04-19 13:22:54 +0000},
	Lastchecked = {19 Abril 2018},
	Title = {White Box Testing},
	Url = {https://www.us-cert.gov/bsi/articles/best-practices/white-box-testing/white-box-testing},
	Urldate = {2005 - 2007},
	Bdsk-Url-1 = {https://www.us-cert.gov/bsi/articles/best-practices/white-box-testing/white-box-testing}}

@book{Mem16,
	Author = {Atif Memon},
	Date-Added = {2018-04-12 12:24:49 +0000},
	Date-Modified = {2018-04-12 12:25:43 +0000},
	Isbn = {9780128051696},
	Number = {v. 101},
	Publisher = {Elsevier Science},
	Series = {Advances in Computers},
	Title = {Advances in Computers},
	Url = {https://books.google.com.mx/books?id=WOCECgAAQBAJ},
	Year = {2016},
	Bdsk-Url-1 = {https://books.google.com.mx/books?id=WOCECgAAQBAJ}}

@manual{Fou1004,
	Author = {The OWASP Foundaiton},
	Date-Added = {2018-04-12 12:14:23 +0000},
	Date-Modified = {2018-04-12 12:21:07 +0000},
	Month = {Noviembre},
	Organization = {The OWASP Foundation},
	Title = {OWASP Secure Coding Practices Quick Reference Guide},
	Version = {2},
	Year = {2010}}

@book{SchFerHyb06,
	Author = {Markus Schumacher and Eduardo B. Fernandez and Duane Hybertson and Frank Buschmann and Peter Sommerland},
	Date-Added = {2018-04-11 21:14:25 +0000},
	Date-Modified = {2018-04-11 21:19:04 +0000},
	Isbn = {978-0-470-85884-4},
	Publisher = {Wiley},
	Title = {Security Patterns: Integrating security and systems Engineering},
	Year = {2006},
	Bdsk-File-1 = {YnBsaXN0MDDSAQIDBFxyZWxhdGl2ZVBhdGhZYWxpYXNEYXRhXxBcLi4vRG9jdW1lbnRzL1JlZi4gVGVzaXMvU2VjdXJpdHkgUGF0dGVybnNfIEludGVncmF0aW5nIFNlY3VyaXR5IGFuZCBTeXN0ZW1zIEVuZ2luZWVyaW5nLmVwdWJPEQIqAAAAAAIqAAIAAAhNYWMgQm9vawAAAAAAAAAAAAAAAAAAAAAAAAAAAAAAQkQAAf////8fU2VjdXJpdHkgUGF0dGVybnMjRkZGRkZGRkYuZXB1YgAAAAAAAAAAAAAAAAAAAAAAAAAAAAAAAAAAAAAAAAAA/////wAAAAAAAAAAAAAAAAABAAMAAAogY3UAAAAAAAAAAAAAAAAAClJlZi4gVGVzaXMAAgBmLzpVc2VyczpvbGdhOkRvY3VtZW50czpSZWYuIFRlc2lzOlNlY3VyaXR5IFBhdHRlcm5zXyBJbnRlZ3JhdGluZyBTZWN1cml0eSBhbmQgU3lzdGVtcyBFbmdpbmVlcmluZy5lcHViAA4AigBEAFMAZQBjAHUAcgBpAHQAeQAgAFAAYQB0AHQAZQByAG4AcwBfACAASQBuAHQAZQBnAHIAYQB0AGkAbgBnACAAUwBlAGMAdQByAGkAdAB5ACAAYQBuAGQAIABTAHkAcwB0AGUAbQBzACAARQBuAGcAaQBuAGUAZQByAGkAbgBnAC4AZQBwAHUAYgAPABIACABNAGEAYwAgAEIAbwBvAGsAEgBkVXNlcnMvb2xnYS9Eb2N1bWVudHMvUmVmLiBUZXNpcy9TZWN1cml0eSBQYXR0ZXJuc18gSW50ZWdyYXRpbmcgU2VjdXJpdHkgYW5kIFN5c3RlbXMgRW5naW5lZXJpbmcuZXB1YgATAAEvAAAVAAIAC///AAAACAANABoAJACDAAAAAAAAAgEAAAAAAAAABQAAAAAAAAAAAAAAAAAAArE=}}

@book{Fer13,
	Author = {Eduardo B. Fernandez},
	Date-Added = {2018-04-11 21:06:06 +0000},
	Date-Modified = {2018-04-11 21:08:28 +0000},
	Isbn = {978-1-119-97049-1},
	Publisher = {Wiley},
	Title = {Security Patterns in practice: Designing secure architectures using software patterns},
	Year = {2013},
	Bdsk-File-1 = {YnBsaXN0MDDSAQIDBFxyZWxhdGl2ZVBhdGhZYWxpYXNEYXRhXxAwLi4vUmVmLiBUZXNpcy9TZWN1cml0eSBQYXR0ZXJucyBpbiBQcmFjdGljZS5lcHViTxEBogAAAAABogACAAAITWFjIEJvb2sAAAAAAAAAAAAAAAAAAAAAAAAAAAAAAEJEAAH/////H1NlY3VyaXR5IFBhdHRlcm5zI0ZGRkZGRkZGLmVwdWIAAAAAAAAAAAAAAAAAAAAAAAAAAAAAAAAAAAAAAAAAAP////8AAAAAAAAAAAAAAAAAAQACAAAKIGN1AAAAAAAAAAAAAAAAAApSZWYuIFRlc2lzAAIARC86VXNlcnM6b2xnYTpEb2N1bWVudHM6UmVmLiBUZXNpczpTZWN1cml0eSBQYXR0ZXJucyBpbiBQcmFjdGljZS5lcHViAA4ARgAiAFMAZQBjAHUAcgBpAHQAeQAgAFAAYQB0AHQAZQByAG4AcwAgAGkAbgAgAFAAcgBhAGMAdABpAGMAZQAuAGUAcAB1AGIADwASAAgATQBhAGMAIABCAG8AbwBrABIAQlVzZXJzL29sZ2EvRG9jdW1lbnRzL1JlZi4gVGVzaXMvU2VjdXJpdHkgUGF0dGVybnMgaW4gUHJhY3RpY2UuZXB1YgATAAEvAAAVAAIAC///AAAACAANABoAJABXAAAAAAAAAgEAAAAAAAAABQAAAAAAAAAAAAAAAAAAAf0=}}

@book{BroHin1304,
	Address = {Boca Raton, FL},
	Author = {W Krag Brotby and Gary Hinson},
	Date-Added = {2018-04-11 20:23:13 +0000},
	Date-Modified = {2018-04-11 20:27:37 +0000},
	Month = {Noviembre},
	Publisher = {CRC Press},
	Series = {978-1-4398-8153-8},
	Title = {Pragmatic security metrics: Applying metametrics to information security},
	Year = {2013},
	Bdsk-File-1 = {YnBsaXN0MDDSAQIDBFxyZWxhdGl2ZVBhdGhZYWxpYXNEYXRhXxBkLi4vRG9jdW1lbnRzL1JlZi4gVGVzaXMvUFJBR01BVElDIFNlY3VyaXR5IE1ldHJpY3NfIEFwcGx5aW5nIE1ldGFtZXRyaWNzIHRvIEluZm9ybWF0aW9uIFNlY3VyaXR5LnBkZk8RAkoAAAAAAkoAAgAACE1hYyBCb29rAAAAAAAAAAAAAAAAAAAAAAAAAAAAAABCRAAB/////x9QUkFHTUFUSUMgU2VjdXJpdHkjRkZGRkZGRkYucGRmAAAAAAAAAAAAAAAAAAAAAAAAAAAAAAAAAAAAAAAAAAD/////AAAAAAAAAAAAAAAAAAEAAwAACiBjdQAAAAAAAAAAAAAAAAAKUmVmLiBUZXNpcwACAG4vOlVzZXJzOm9sZ2E6RG9jdW1lbnRzOlJlZi4gVGVzaXM6UFJBR01BVElDIFNlY3VyaXR5IE1ldHJpY3NfIEFwcGx5aW5nIE1ldGFtZXRyaWNzIHRvIEluZm9ybWF0aW9uIFNlY3VyaXR5LnBkZgAOAJoATABQAFIAQQBHAE0AQQBUAEkAQwAgAFMAZQBjAHUAcgBpAHQAeQAgAE0AZQB0AHIAaQBjAHMAXwAgAEEAcABwAGwAeQBpAG4AZwAgAE0AZQB0AGEAbQBlAHQAcgBpAGMAcwAgAHQAbwAgAEkAbgBmAG8AcgBtAGEAdABpAG8AbgAgAFMAZQBjAHUAcgBpAHQAeQAuAHAAZABmAA8AEgAIAE0AYQBjACAAQgBvAG8AawASAGxVc2Vycy9vbGdhL0RvY3VtZW50cy9SZWYuIFRlc2lzL1BSQUdNQVRJQyBTZWN1cml0eSBNZXRyaWNzXyBBcHBseWluZyBNZXRhbWV0cmljcyB0byBJbmZvcm1hdGlvbiBTZWN1cml0eS5wZGYAEwABLwAAFQACAAv//wAAAAgADQAaACQAiwAAAAAAAAIBAAAAAAAAAAUAAAAAAAAAAAAAAAAAAALZ}}

@book{JahWMe10,
	Author = {Hamid Jahankhani and David Lilburn W and Gianluigi Me and Frank Leonhardt},
	Date-Added = {2018-04-11 20:04:29 +0000},
	Date-Modified = {2018-04-11 20:08:29 +0000},
	Isbn = {981-283-703-5},
	Publisher = {World Scientific},
	Title = {Handbook of electronic security and digital forensics},
	Year = {2010},
	Bdsk-File-1 = {YnBsaXN0MDDSAQIDBFxyZWxhdGl2ZVBhdGhZYWxpYXNEYXRhXxBRLi4vRG9jdW1lbnRzL1JlZi4gVGVzaXMvSGFuZGJvb2sgb2YgRWxlY3Ryb25pYyBTZWN1cml0eSBhbmQgRGlnaXRhbCBGb3JlbnNpY3MucGRmTxECAAAAAAACAAACAAAITWFjIEJvb2sAAAAAAAAAAAAAAAAAAAAAAAAAAAAAAEJEAAH/////H0hhbmRib29rIG9mIEVsZWN0ciNGRkZGRkZGRi5wZGYAAAAAAAAAAAAAAAAAAAAAAAAAAAAAAAAAAAAAAAAAAP////8AAAAAAAAAAAAAAAAAAQADAAAKIGN1AAAAAAAAAAAAAAAAAApSZWYuIFRlc2lzAAIAWy86VXNlcnM6b2xnYTpEb2N1bWVudHM6UmVmLiBUZXNpczpIYW5kYm9vayBvZiBFbGVjdHJvbmljIFNlY3VyaXR5IGFuZCBEaWdpdGFsIEZvcmVuc2ljcy5wZGYAAA4AdAA5AEgAYQBuAGQAYgBvAG8AawAgAG8AZgAgAEUAbABlAGMAdAByAG8AbgBpAGMAIABTAGUAYwB1AHIAaQB0AHkAIABhAG4AZAAgAEQAaQBnAGkAdABhAGwAIABGAG8AcgBlAG4AcwBpAGMAcwAuAHAAZABmAA8AEgAIAE0AYQBjACAAQgBvAG8AawASAFlVc2Vycy9vbGdhL0RvY3VtZW50cy9SZWYuIFRlc2lzL0hhbmRib29rIG9mIEVsZWN0cm9uaWMgU2VjdXJpdHkgYW5kIERpZ2l0YWwgRm9yZW5zaWNzLnBkZgAAEwABLwAAFQACAAv//wAAAAgADQAaACQAeAAAAAAAAAIBAAAAAAAAAAUAAAAAAAAAAAAAAAAAAAJ8}}

@book{agarwal2010software,
	Author = {Agarwal, B.B. and Tayal, S.P. and Gupta, M.},
	Date-Added = {2018-04-05 13:47:05 +0000},
	Date-Modified = {2018-05-23 19:24:35 +0000},
	Isbn = {9781934015551},
	Lccn = {2008055318},
	Publisher = {Jones and Bartlett Learning},
	Series = {Computer science series},
	Title = {Software Engineering and Testing},
	Url = {https://books.google.com.mx/books?id=ZoF06z4dhQ4C},
	Year = {2010},
	Bdsk-Url-1 = {https://books.google.com.mx/books?id=ZoF06z4dhQ4C}}

@book{jacobs2015engineering,
	Author = {Jacobs, S.},
	Date-Added = {2018-04-05 02:11:41 +0000},
	Date-Modified = {2018-04-05 02:11:41 +0000},
	Isbn = {9781119104711},
	Publisher = {Wiley},
	Series = {IEEE Press Series on Information and Communication Networks Security},
	Title = {Engineering Information Security: The Application of Systems Engineering Concepts to Achieve Information Assurance},
	Url = {https://books.google.com.mx/books?id=6i1cCwAAQBAJ},
	Year = {2015},
	Bdsk-Url-1 = {https://books.google.com.mx/books?id=6i1cCwAAQBAJ}}

@book{peltier2016information,
	Author = {Peltier, T.R.},
	Date-Added = {2018-04-05 02:01:39 +0000},
	Date-Modified = {2018-04-05 02:01:39 +0000},
	Isbn = {9780849390326},
	Lccn = {20045194},
	Publisher = {CRC Press},
	Title = {Information Security Policies, Procedures, and Standards: Guidelines for Effective Information Security Management},
	Url = {https://books.google.com.mx/books?id=mM\_LsS-W4f4C},
	Year = {2016},
	Bdsk-Url-1 = {https://books.google.com.mx/books?id=mM%5C_LsS-W4f4C}}

@article{Ahm14,
	Author = {Sheikh Mustaq Ahmmed},
	Date-Added = {2018-03-22 15:32:43 +0000},
	Date-Modified = {2018-04-09 20:57:00 +0000},
	Issn = {2321-99939},
	Journal = {International Journal of engineering Development and Research},
	Title = {Mapping Software Security Metrics Concerning Design Principles},
	Volume = {2},
	Year = {2014},
	Bdsk-File-1 = {YnBsaXN0MDDSAQIDBFxyZWxhdGl2ZVBhdGhZYWxpYXNEYXRhXxBaLi4vRG9jdW1lbnRzL1JlZi4gVGVzaXMvTWFwcGluZyBzb2Z0d2FyZSBzZWN1cml0eSBtZXRyaWNzIGNvbmNlcm5pbmcgZGVzaWduIHByaW5jaXBsZXMucGRmTxECIgAAAAACIgACAAAITWFjIEJvb2sAAAAAAAAAAAAAAAAAAAAAAAAAAAAAAEJEAAH/////H01hcHBpbmcgc29mdHdhcmUgcyNGRkZGRkZGRi5wZGYAAAAAAAAAAAAAAAAAAAAAAAAAAAAAAAAAAAAAAAAAAP////8AAAAAAAAAAAAAAAAAAQADAAAKIGN1AAAAAAAAAAAAAAAAAApSZWYuIFRlc2lzAAIAZC86VXNlcnM6b2xnYTpEb2N1bWVudHM6UmVmLiBUZXNpczpNYXBwaW5nIHNvZnR3YXJlIHNlY3VyaXR5IG1ldHJpY3MgY29uY2VybmluZyBkZXNpZ24gcHJpbmNpcGxlcy5wZGYADgCGAEIATQBhAHAAcABpAG4AZwAgAHMAbwBmAHQAdwBhAHIAZQAgAHMAZQBjAHUAcgBpAHQAeQAgAG0AZQB0AHIAaQBjAHMAIABjAG8AbgBjAGUAcgBuAGkAbgBnACAAZABlAHMAaQBnAG4AIABwAHIAaQBuAGMAaQBwAGwAZQBzAC4AcABkAGYADwASAAgATQBhAGMAIABCAG8AbwBrABIAYlVzZXJzL29sZ2EvRG9jdW1lbnRzL1JlZi4gVGVzaXMvTWFwcGluZyBzb2Z0d2FyZSBzZWN1cml0eSBtZXRyaWNzIGNvbmNlcm5pbmcgZGVzaWduIHByaW5jaXBsZXMucGRmABMAAS8AABUAAgAL//8AAAAIAA0AGgAkAIEAAAAAAAACAQAAAAAAAAAFAAAAAAAAAAAAAAAAAAACpw==}}

@book{Ben47,
	Author = {Douglas Bennett},
	Date-Added = {2018-03-22 15:21:05 +0000},
	Date-Modified = {2018-03-22 15:23:25 +0000},
	Publisher = {Manning Publications Co.},
	Title = {Designing hard software The essential tasks},
	Year = {1947}}

@article{Var1103,
	Author = {Vijay Varadharajan},
	Date-Added = {2018-03-21 13:51:57 +0000},
	Date-Modified = {2018-03-21 13:53:28 +0000},
	Issn = {1540-7993},
	Journal = {IEEE COMPUTER AND RELIABILITY SOCIETIES},
	Month = {Junio},
	Pages = {60-65},
	Title = {Measuring Security},
	Year = {2011},
	Bdsk-File-1 = {YnBsaXN0MDDSAQIDBFxyZWxhdGl2ZVBhdGhZYWxpYXNEYXRhXxAuLi4vRG9jdW1lbnRzL1JlZi4gVGVzaXMvTWVhc3VyaW5nIHNlY3VyaXR5LnBkZk8RAXIAAAAAAXIAAgAACE1hYyBCb29rAAAAAAAAAAAAAAAAAAAAAAAAAAAAAABCRAAB/////xZNZWFzdXJpbmcgc2VjdXJpdHkucGRmAAAAAAAAAAAAAAAAAAAAAAAAAAAAAAAAAAAAAAAAAAAAAAAAAAAAAAD/////AAAAAAAAAAAAAAAAAAEAAwAACiBjdQAAAAAAAAAAAAAAAAAKUmVmLiBUZXNpcwACADgvOlVzZXJzOm9sZ2E6RG9jdW1lbnRzOlJlZi4gVGVzaXM6TWVhc3VyaW5nIHNlY3VyaXR5LnBkZgAOAC4AFgBNAGUAYQBzAHUAcgBpAG4AZwAgAHMAZQBjAHUAcgBpAHQAeQAuAHAAZABmAA8AEgAIAE0AYQBjACAAQgBvAG8AawASADZVc2Vycy9vbGdhL0RvY3VtZW50cy9SZWYuIFRlc2lzL01lYXN1cmluZyBzZWN1cml0eS5wZGYAEwABLwAAFQACAAv//wAAAAgADQAaACQAVQAAAAAAAAIBAAAAAAAAAAUAAAAAAAAAAAAAAAAAAAHL}}

@article{McG04,
	Author = {Gary McGraw},
	Date-Added = {2018-03-21 02:42:51 +0000},
	Date-Modified = {2018-03-21 02:45:07 +0000},
	Issn = {1540-7993},
	Journal = {IEEE SECURITY & PRIVACY},
	Title = {Software Security},
	Year = {2004},
	Bdsk-File-1 = {YnBsaXN0MDDSAQIDBFxyZWxhdGl2ZVBhdGhZYWxpYXNEYXRhXxAtLi4vRG9jdW1lbnRzL1JlZi4gVGVzaXMvU29mdHdhcmUgU2VjdXJpdHkucGRmTxEBcAAAAAABcAACAAAITWFjIEJvb2sAAAAAAAAAAAAAAAAAAAAAAAAAAAAAAEJEAAH/////FVNvZnR3YXJlIFNlY3VyaXR5LnBkZgAAAAAAAAAAAAAAAAAAAAAAAAAAAAAAAAAAAAAAAAAAAAAAAAAAAAAAAP////8AAAAAAAAAAAAAAAAAAQADAAAKIGN1AAAAAAAAAAAAAAAAAApSZWYuIFRlc2lzAAIANy86VXNlcnM6b2xnYTpEb2N1bWVudHM6UmVmLiBUZXNpczpTb2Z0d2FyZSBTZWN1cml0eS5wZGYAAA4ALAAVAFMAbwBmAHQAdwBhAHIAZQAgAFMAZQBjAHUAcgBpAHQAeQAuAHAAZABmAA8AEgAIAE0AYQBjACAAQgBvAG8AawASADVVc2Vycy9vbGdhL0RvY3VtZW50cy9SZWYuIFRlc2lzL1NvZnR3YXJlIFNlY3VyaXR5LnBkZgAAEwABLwAAFQACAAv//wAAAAgADQAaACQAVAAAAAAAAAIBAAAAAAAAAAUAAAAAAAAAAAAAAAAAAAHI}}

@article{HeyScaHuy08,
	Author = {Thomas Heyman and Riccardo Scandariato and Christophe Huygens and Wouter Joosen},
	Date-Added = {2018-03-21 02:22:12 +0000},
	Date-Modified = {2018-03-21 02:28:52 +0000},
	Journal = {Third International Conference on Availability, Reliability and Security},
	Title = {Using security patterns to combine security metrics},
	Year = {2008},
	Bdsk-File-1 = {YnBsaXN0MDDSAQIDBFxyZWxhdGl2ZVBhdGhZYWxpYXNEYXRhXxBPLi4vRG9jdW1lbnRzL1JlZi4gVGVzaXMvVXNpbmcgc2VjdXJpdHkgcGF0dGVybnMgdG8gY29tYmluZSBzZWN1cml0eSBtZXRyaWNzLnBkZk8RAfgAAAAAAfgAAgAACE1hYyBCb29rAAAAAAAAAAAAAAAAAAAAAAAAAAAAAABCRAAB/////x9Vc2luZyBzZWN1cml0eSBwYXQjRkZGRkZGRkYucGRmAAAAAAAAAAAAAAAAAAAAAAAAAAAAAAAAAAAAAAAAAAD/////AAAAAAAAAAAAAAAAAAEAAwAACiBjdQAAAAAAAAAAAAAAAAAKUmVmLiBUZXNpcwACAFkvOlVzZXJzOm9sZ2E6RG9jdW1lbnRzOlJlZi4gVGVzaXM6VXNpbmcgc2VjdXJpdHkgcGF0dGVybnMgdG8gY29tYmluZSBzZWN1cml0eSBtZXRyaWNzLnBkZgAADgBwADcAVQBzAGkAbgBnACAAcwBlAGMAdQByAGkAdAB5ACAAcABhAHQAdABlAHIAbgBzACAAdABvACAAYwBvAG0AYgBpAG4AZQAgAHMAZQBjAHUAcgBpAHQAeQAgAG0AZQB0AHIAaQBjAHMALgBwAGQAZgAPABIACABNAGEAYwAgAEIAbwBvAGsAEgBXVXNlcnMvb2xnYS9Eb2N1bWVudHMvUmVmLiBUZXNpcy9Vc2luZyBzZWN1cml0eSBwYXR0ZXJucyB0byBjb21iaW5lIHNlY3VyaXR5IG1ldHJpY3MucGRmAAATAAEvAAAVAAIAC///AAAACAANABoAJAB2AAAAAAAAAgEAAAAAAAAABQAAAAAAAAAAAAAAAAAAAnI=}}

@mastersthesis{Saa1603,
	Author = {Marko Saarela},
	Date-Added = {2018-03-21 02:21:15 +0000},
	Date-Modified = {2018-03-21 02:33:17 +0000},
	Month = {Febrero},
	School = {University of Turku},
	Title = {Measuring software security from the design of software},
	Year = {2016},
	Bdsk-File-1 = {YnBsaXN0MDDSAQIDBFxyZWxhdGl2ZVBhdGhZYWxpYXNEYXRhXxBTLi4vRG9jdW1lbnRzL1JlZi4gVGVzaXMvTWVhc3VyaW5nIHNvZnR3YXJlIHNlY3VyaXR5IGZyb20gdGhlIGRlc2lnbiBvZiBzb2Z0d2FyZS5wZGZPEQIIAAAAAAIIAAIAAAhNYWMgQm9vawAAAAAAAAAAAAAAAAAAAAAAAAAAAAAAQkQAAf////8fTWVhc3VyaW5nIHNvZnR3YXJlI0ZGRkZGRkZGLnBkZgAAAAAAAAAAAAAAAAAAAAAAAAAAAAAAAAAAAAAAAAAA/////wAAAAAAAAAAAAAAAAABAAMAAAogY3UAAAAAAAAAAAAAAAAAClJlZi4gVGVzaXMAAgBdLzpVc2VyczpvbGdhOkRvY3VtZW50czpSZWYuIFRlc2lzOk1lYXN1cmluZyBzb2Z0d2FyZSBzZWN1cml0eSBmcm9tIHRoZSBkZXNpZ24gb2Ygc29mdHdhcmUucGRmAAAOAHgAOwBNAGUAYQBzAHUAcgBpAG4AZwAgAHMAbwBmAHQAdwBhAHIAZQAgAHMAZQBjAHUAcgBpAHQAeQAgAGYAcgBvAG0AIAB0AGgAZQAgAGQAZQBzAGkAZwBuACAAbwBmACAAcwBvAGYAdAB3AGEAcgBlAC4AcABkAGYADwASAAgATQBhAGMAIABCAG8AbwBrABIAW1VzZXJzL29sZ2EvRG9jdW1lbnRzL1JlZi4gVGVzaXMvTWVhc3VyaW5nIHNvZnR3YXJlIHNlY3VyaXR5IGZyb20gdGhlIGRlc2lnbiBvZiBzb2Z0d2FyZS5wZGYAABMAAS8AABUAAgAL//8AAAAIAA0AGgAkAHoAAAAAAAACAQAAAAAAAAAFAAAAAAAAAAAAAAAAAAAChg==}}

@book{Sch03,
	Author = {Markus Schumacher},
	Date-Added = {2018-03-21 02:11:39 +0000},
	Date-Modified = {2018-03-21 02:13:56 +0000},
	Isbn = {3-540-40731-6},
	Publisher = {Springer},
	Title = {Security Engineering with Patterns},
	Year = {2003},
	Bdsk-File-1 = {YnBsaXN0MDDSAQIDBFxyZWxhdGl2ZVBhdGhZYWxpYXNEYXRhXxA+Li4vRG9jdW1lbnRzL1JlZi4gVGVzaXMvU2VjdXJpdHkgRW5naW5lZXJpbmcgd2l0aCBQYXR0ZXJucy5wZGZPEQGyAAAAAAGyAAIAAAhNYWMgQm9vawAAAAAAAAAAAAAAAAAAAAAAAAAAAAAAQkQAAf////8fU2VjdXJpdHkgRW5naW5lZXJpI0ZGRkZGRkZGLnBkZgAAAAAAAAAAAAAAAAAAAAAAAAAAAAAAAAAAAAAAAAAA/////wAAAAAAAAAAAAAAAAABAAMAAAogY3UAAAAAAAAAAAAAAAAAClJlZi4gVGVzaXMAAgBILzpVc2VyczpvbGdhOkRvY3VtZW50czpSZWYuIFRlc2lzOlNlY3VyaXR5IEVuZ2luZWVyaW5nIHdpdGggUGF0dGVybnMucGRmAA4ATgAmAFMAZQBjAHUAcgBpAHQAeQAgAEUAbgBnAGkAbgBlAGUAcgBpAG4AZwAgAHcAaQB0AGgAIABQAGEAdAB0AGUAcgBuAHMALgBwAGQAZgAPABIACABNAGEAYwAgAEIAbwBvAGsAEgBGVXNlcnMvb2xnYS9Eb2N1bWVudHMvUmVmLiBUZXNpcy9TZWN1cml0eSBFbmdpbmVlcmluZyB3aXRoIFBhdHRlcm5zLnBkZgATAAEvAAAVAAIAC///AAAACAANABoAJABlAAAAAAAAAgEAAAAAAAAABQAAAAAAAAAAAAAAAAAAAhs=}}

@book{WysNelZov07,
	Author = {Chris Wysopal and Lucas Nelson and Dino Dai Zovi and Elfriede Dustin},
	Date-Added = {2018-03-15 14:20:42 +0000},
	Date-Modified = {2018-03-15 14:24:26 +0000},
	Isbn = {0-321-30486-1},
	Publisher = {Addison-Wesley},
	Title = {The Art of Software Security Testing},
	Year = {2007},
	Bdsk-File-1 = {YnBsaXN0MDDSAQIDBFxyZWxhdGl2ZVBhdGhZYWxpYXNEYXRhXxBPLi4vRG9jdW1lbnRzL1JlZi4gVGVzaXMvQ2hyaXMgV3lzb3BhbC1UaGUgQXJ0IG9mIFNvZnR3YXJlIFNlY3VyaXR5IFRlc3RpbmcuZXB1Yk8RAfgAAAAAAfgAAgAACE1hYyBCb29rAAAAAAAAAAAAAAAAAAAAAAAAAAAAAABCRAAB/////x9DaHJpcyBXeXNvcGFsLVRoZSNGRkZGRkZGRi5lcHViAAAAAAAAAAAAAAAAAAAAAAAAAAAAAAAAAAAAAAAAAAD/////AAAAAAAAAAAAAAAAAAEAAwAACiBjdQAAAAAAAAAAAAAAAAAKUmVmLiBUZXNpcwACAFkvOlVzZXJzOm9sZ2E6RG9jdW1lbnRzOlJlZi4gVGVzaXM6Q2hyaXMgV3lzb3BhbC1UaGUgQXJ0IG9mIFNvZnR3YXJlIFNlY3VyaXR5IFRlc3RpbmcuZXB1YgAADgBwADcAQwBoAHIAaQBzACAAVwB5AHMAbwBwAGEAbAAtAFQAaABlACAAQQByAHQAIABvAGYAIABTAG8AZgB0AHcAYQByAGUAIABTAGUAYwB1AHIAaQB0AHkAIABUAGUAcwB0AGkAbgBnAC4AZQBwAHUAYgAPABIACABNAGEAYwAgAEIAbwBvAGsAEgBXVXNlcnMvb2xnYS9Eb2N1bWVudHMvUmVmLiBUZXNpcy9DaHJpcyBXeXNvcGFsLVRoZSBBcnQgb2YgU29mdHdhcmUgU2VjdXJpdHkgVGVzdGluZy5lcHViAAATAAEvAAAVAAIAC///AAAACAANABoAJAB2AAAAAAAAAgEAAAAAAAAABQAAAAAAAAAAAAAAAAAAAnI=}}

@article{MelJen08,
	Author = {Per H{\aa}kon Meland and Jostein Jensen},
	Date-Added = {2018-03-15 13:53:43 +0000},
	Date-Modified = {2018-03-15 13:58:21 +0000},
	Doi = {10.1109/ARES.2008.48},
	Journal = {IEEE},
	Title = {Secure software design in practice},
	Year = {2008},
	Bdsk-File-1 = {YnBsaXN0MDDSAQIDBFxyZWxhdGl2ZVBhdGhZYWxpYXNEYXRhXxA+Li4vRG9jdW1lbnRzL1JlZi4gVGVzaXMvU2VjdXJlIHNvZnR3YXJlIGRlc2lnbiBpbiBwcmFjdGljZS5wZGZPEQGyAAAAAAGyAAIAAAhNYWMgQm9vawAAAAAAAAAAAAAAAAAAAAAAAAAAAAAAQkQAAf////8fU2VjdXJlIHNvZnR3YXJlIGRlI0ZGRkZGRkZGLnBkZgAAAAAAAAAAAAAAAAAAAAAAAAAAAAAAAAAAAAAAAAAA/////wAAAAAAAAAAAAAAAAABAAMAAAogY3UAAAAAAAAAAAAAAAAAClJlZi4gVGVzaXMAAgBILzpVc2VyczpvbGdhOkRvY3VtZW50czpSZWYuIFRlc2lzOlNlY3VyZSBzb2Z0d2FyZSBkZXNpZ24gaW4gcHJhY3RpY2UucGRmAA4ATgAmAFMAZQBjAHUAcgBlACAAcwBvAGYAdAB3AGEAcgBlACAAZABlAHMAaQBnAG4AIABpAG4AIABwAHIAYQBjAHQAaQBjAGUALgBwAGQAZgAPABIACABNAGEAYwAgAEIAbwBvAGsAEgBGVXNlcnMvb2xnYS9Eb2N1bWVudHMvUmVmLiBUZXNpcy9TZWN1cmUgc29mdHdhcmUgZGVzaWduIGluIHByYWN0aWNlLnBkZgATAAEvAAAVAAIAC///AAAACAANABoAJABlAAAAAAAAAgEAAAAAAAAABQAAAAAAAAAAAAAAAAAAAhs=}}

@book{Wyl03,
	Author = {John Wylder},
	Date-Added = {2018-03-15 02:11:46 +0000},
	Date-Modified = {2018-03-15 02:12:51 +0000},
	Publisher = {Auerbach publications},
	Title = {Strategic information security},
	Year = {2003}}

@manual{Var14,
	Author = {IEEE},
	Date-Added = {2018-03-14 13:53:55 +0000},
	Date-Modified = {2018-04-05 14:42:43 +0000},
	Organization = {IEEE},
	Title = {SWEBOK},
	Version = {tercera},
	Year = {2014},
	Bdsk-File-1 = {YnBsaXN0MDDSAQIDBFxyZWxhdGl2ZVBhdGhZYWxpYXNEYXRhXxAkLi4vRG9jdW1lbnRzL1JlZi4gVGVzaXMvU1dFQk9LdjMucGRmTxEBSgAAAAABSgACAAAITWFjIEJvb2sAAAAAAAAAAAAAAAAAAAAAAAAAAAAAAEJEAAH/////DFNXRUJPS3YzLnBkZgAAAAAAAAAAAAAAAAAAAAAAAAAAAAAAAAAAAAAAAAAAAAAAAAAAAAAAAAAAAAAAAAAAAP////8AAAAAAAAAAAAAAAAAAQADAAAKIGN1AAAAAAAAAAAAAAAAAApSZWYuIFRlc2lzAAIALi86VXNlcnM6b2xnYTpEb2N1bWVudHM6UmVmLiBUZXNpczpTV0VCT0t2My5wZGYADgAaAAwAUwBXAEUAQgBPAEsAdgAzAC4AcABkAGYADwASAAgATQBhAGMAIABCAG8AbwBrABIALFVzZXJzL29sZ2EvRG9jdW1lbnRzL1JlZi4gVGVzaXMvU1dFQk9LdjMucGRmABMAAS8AABUAAgAL//8AAAAIAA0AGgAkAEsAAAAAAAACAQAAAAAAAAAFAAAAAAAAAAAAAAAAAAABmQ==}}

@book{GodAudFul07,
	Author = {Enrique Daltabuit Godas and Leobardo Hern{\'a}ndez Audelo and Guillermo Mallen Fullerton and Jos{\'e} de Jes{\'u}s Vazquez Gomez},
	Date-Added = {2018-02-08 01:02:35 +0000},
	Date-Modified = {2018-02-08 01:07:11 +0000},
	Edition = {Primera Edici{\'o}n},
	Publisher = {Limusa},
	Title = {La seguridad de la informaci{\'o}n},
	Year = {2007}}

@book{anderson2001security,
	Author = {Anderson, R.},
	Date-Added = {2018-02-08 00:57:21 +0000},
	Date-Modified = {2018-02-08 00:57:50 +0000},
	Isbn = {9780471389224},
	Lccn = {00068486},
	Publisher = {Wiley},
	Series = {Wiley computer publishing},
	Title = {Security engineering: a guide to building dependable distributed systems},
	Year = {2001},
	Bdsk-Url-1 = {https://books.google.com.mx/books?id=nd9QAAAAMAAJ}}

@book{Fernandez2009,
	Abstract = {Patterns encapsulate experience and good practices that can be used for new designs. Analysis and design patterns are well established as a convenient and reusable way to build high-quality object-oriented software. Security patterns join the extensive knowledge accumulated about security with the structure provided by patterns to provide guidelines for secure system design and evaluation. A variety of security patterns has been developed for the construction of secure systems. We survey the security patterns developed by our group and a few other researchers. We apply these patterns through a secure system development method based on a hierarchical architecture whose layers define the scope of each security mechanism. We are building a catalog of security patterns that helps in defining the security mechanisms at each architectural level and at each development stage. In addition to their value for new system design, security patterns are useful to evaluate existing systems by analyzing if they include specific patterns or not. They are also useful to compare security standards and to verify that products comply with the standard. Finally, we have found security patterns very valuable for teaching security concepts and mechanisms.},
	Address = {Boston, MA},
	Author = {Eduardo B. Fernandez},
	Booktitle = {Security and Dependability for Ambient Intelligence},
	Date-Added = {2018-02-01 00:00:33 +0000},
	Date-Modified = {2018-04-11 23:42:00 +0000},
	Doi = {10.1007/978-0-387-88775-3_3},
	Editor = {Spyros Kokolakis and Antonio Ma{\~n}a G{\'o}mez and George Spanoudakis},
	Isbn = {978-0-387-88775-3},
	Pages = {37--46},
	Publisher = {Springer US},
	Title = {Security Patterns and A Methodology to Apply them},
	Year = {2009},
	Bdsk-File-1 = {YnBsaXN0MDDSAQIDBFxyZWxhdGl2ZVBhdGhZYWxpYXNEYXRhXxBWLi4vRG9jdW1lbnRzL1JlZi4gVGVzaXMvU2VjdXJpdHkgcGF0dGVybnMgYW5kIGEgbWV0aG9kb2xvZ3kgdG8gYXBwbHkgdGhlbSAtIHBhZyAzNy5wZGZPEQISAAAAAAISAAIAAAhNYWMgQm9vawAAAAAAAAAAAAAAAAAAAAAAAAAAAAAAQkQAAf////8fU2VjdXJpdHkgcGF0dGVybnMgI0ZGRkZGRkZGLnBkZgAAAAAAAAAAAAAAAAAAAAAAAAAAAAAAAAAAAAAAAAAA/////wAAAAAAAAAAAAAAAAABAAMAAAogY3UAAAAAAAAAAAAAAAAAClJlZi4gVGVzaXMAAgBgLzpVc2VyczpvbGdhOkRvY3VtZW50czpSZWYuIFRlc2lzOlNlY3VyaXR5IHBhdHRlcm5zIGFuZCBhIG1ldGhvZG9sb2d5IHRvIGFwcGx5IHRoZW0gLSBwYWcgMzcucGRmAA4AfgA+AFMAZQBjAHUAcgBpAHQAeQAgAHAAYQB0AHQAZQByAG4AcwAgAGEAbgBkACAAYQAgAG0AZQB0AGgAbwBkAG8AbABvAGcAeQAgAHQAbwAgAGEAcABwAGwAeQAgAHQAaABlAG0AIAAtACAAcABhAGcAIAAzADcALgBwAGQAZgAPABIACABNAGEAYwAgAEIAbwBvAGsAEgBeVXNlcnMvb2xnYS9Eb2N1bWVudHMvUmVmLiBUZXNpcy9TZWN1cml0eSBwYXR0ZXJucyBhbmQgYSBtZXRob2RvbG9neSB0byBhcHBseSB0aGVtIC0gcGFnIDM3LnBkZgATAAEvAAAVAAIAC///AAAACAANABoAJAB9AAAAAAAAAgEAAAAAAAAABQAAAAAAAAAAAAAAAAAAApM=},
	Bdsk-Url-1 = {https://doi.org/10.1007/978-0-387-88775-3_3}}

@book{RusSrLeh91,
	Author = {Deborah Russel and G. T. Gangemi Sr and Rick Lehtinen},
	Date-Added = {2018-01-31 13:20:05 +0000},
	Date-Modified = {2018-01-31 13:40:35 +0000},
	Edition = {Second edition},
	Publisher = {O'Reilly Media},
	Title = {Computer Security Basics},
	Year = {1991}}

@book{Nom97,
	Author = {Juan Jos{\'e} Nombela},
	Date-Added = {2018-01-31 13:18:18 +0000},
	Date-Modified = {2018-01-31 13:40:21 +0000},
	Publisher = {Paraninfo},
	Title = {Seguridad inform{\'a}tica},
	Year = {1997}}

@article{Was10,
	Author = {Eduardo B. Fernandez and Hironori Washizaki},
	Date-Added = {2018-01-29 13:59:36 +0000},
	Date-Modified = {2018-02-01 00:36:20 +0000},
	Journal = {International Conference on Availability, Reliability and Security},
	Keywords = {patterns, security patterns, pattern methodology},
	Pages = {565-568},
	Title = {Measuring the level of security introduced by security patterns},
	Year = {2010},
	Bdsk-File-1 = {YnBsaXN0MDDSAQIDBFxyZWxhdGl2ZVBhdGhZYWxpYXNEYXRhXxBbLi4vRG9jdW1lbnRzL1JlZi4gVGVzaXMvTWVhc3VyaW5nIHRoZSBsZXZlbCBvZiBzZWN1cml0eSBpbnRyb2R1Y2VkIGJ5IHNlY3VyaXR5IHBhdHRlcm5zLnBkZk8RAigAAAAAAigAAgAACE1hYyBCb29rAAAAAAAAAAAAAAAAAAAAAAAAAAAAAABCRAAB/////x9NZWFzdXJpbmcgdGhlIGxldmUjRkZGRkZGRkYucGRmAAAAAAAAAAAAAAAAAAAAAAAAAAAAAAAAAAAAAAAAAAD/////AAAAAAAAAAAAAAAAAAEAAwAACiBjdQAAAAAAAAAAAAAAAAAKUmVmLiBUZXNpcwACAGUvOlVzZXJzOm9sZ2E6RG9jdW1lbnRzOlJlZi4gVGVzaXM6TWVhc3VyaW5nIHRoZSBsZXZlbCBvZiBzZWN1cml0eSBpbnRyb2R1Y2VkIGJ5IHNlY3VyaXR5IHBhdHRlcm5zLnBkZgAADgCIAEMATQBlAGEAcwB1AHIAaQBuAGcAIAB0AGgAZQAgAGwAZQB2AGUAbAAgAG8AZgAgAHMAZQBjAHUAcgBpAHQAeQAgAGkAbgB0AHIAbwBkAHUAYwBlAGQAIABiAHkAIABzAGUAYwB1AHIAaQB0AHkAIABwAGEAdAB0AGUAcgBuAHMALgBwAGQAZgAPABIACABNAGEAYwAgAEIAbwBvAGsAEgBjVXNlcnMvb2xnYS9Eb2N1bWVudHMvUmVmLiBUZXNpcy9NZWFzdXJpbmcgdGhlIGxldmVsIG9mIHNlY3VyaXR5IGludHJvZHVjZWQgYnkgc2VjdXJpdHkgcGF0dGVybnMucGRmAAATAAEvAAAVAAIAC///AAAACAANABoAJACCAAAAAAAAAgEAAAAAAAAABQAAAAAAAAAAAAAAAAAAAq4=}}

@article{Mui14,
	Annote = {* La {\'u}nica forma de que se implementen los patrones de seguridad en un entorno empresarial es tener de manera cuantitativa los resultados de que la implementaci{\'o}n proporciona seguridad al sistema. },
	Author = {Ishbel Duncan and Jan de Muijnck Hughes},
	Date-Added = {2018-01-29 13:51:19 +0000},
	Date-Modified = {2018-02-01 00:36:27 +0000},
	Journal = {IEEE 8th International Symposium on Service Oriented Syste Engineering},
	Keywords = {security patterns, evaluation, testing, metrics},
	Pages = {428-429},
	Title = {Security Pattern Evaluation},
	Year = {2014},
	Bdsk-File-1 = {YnBsaXN0MDDSAQIDBFxyZWxhdGl2ZVBhdGhZYWxpYXNEYXRhXxA3Li4vRG9jdW1lbnRzL1JlZi4gVGVzaXMvU2VjdXJpdHkgcGF0dGVybiBldmFsdWF0aW9uLnBkZk8RAZgAAAAAAZgAAgAACE1hYyBCb29rAAAAAAAAAAAAAAAAAAAAAAAAAAAAAABCRAAB/////x9TZWN1cml0eSBwYXR0ZXJuIGV2YWx1YXRpb24ucGRmAAAAAAAAAAAAAAAAAAAAAAAAAAAAAAAAAAAAAAAAAAD/////AAAAAAAAAAAAAAAAAAEAAwAACiBjdQAAAAAAAAAAAAAAAAAKUmVmLiBUZXNpcwACAEEvOlVzZXJzOm9sZ2E6RG9jdW1lbnRzOlJlZi4gVGVzaXM6U2VjdXJpdHkgcGF0dGVybiBldmFsdWF0aW9uLnBkZgAADgBAAB8AUwBlAGMAdQByAGkAdAB5ACAAcABhAHQAdABlAHIAbgAgAGUAdgBhAGwAdQBhAHQAaQBvAG4ALgBwAGQAZgAPABIACABNAGEAYwAgAEIAbwBvAGsAEgA/VXNlcnMvb2xnYS9Eb2N1bWVudHMvUmVmLiBUZXNpcy9TZWN1cml0eSBwYXR0ZXJuIGV2YWx1YXRpb24ucGRmAAATAAEvAAAVAAIAC///AAAACAANABoAJABeAAAAAAAAAgEAAAAAAAAABQAAAAAAAAAAAAAAAAAAAfo=}}

@incollection{SalSal11,
	Author = {Guido Salvaneschi and Paolo Salvaneschi},
	Bibsource = {dblp computer science bibliography, https://dblp.org},
	Biburl = {https://dblp.org/rec/bib/reference/crypt/SalvaneschiS11},
	Booktitle = {Encyclopedia of Cryptography and Security, 2nd Ed.},
	Crossref = {Encyclopedia11},
	Date-Modified = {2018-04-18 22:41:08 +0000},
	Doi = {10.1007/978-1-4419-5906-5_680},
	Pages = {775--778},
	Timestamp = {Wed, 12 Jul 2017 09:11:27 +0200},
	Title = {Metrics of Software Security},
	Url = {https://doi.org/10.1007/978-1-4419-5906-5_680},
	Year = {2011},
	Bdsk-File-1 = {YnBsaXN0MDDSAQIDBFxyZWxhdGl2ZVBhdGhZYWxpYXNEYXRhXxBFLi4vRG9jdW1lbnRzL1JlZi4gVGVzaXMvRW5jeWNsb3BlZGlhIG9mIENyeXB0b2dyYXBoeSBhbmQgc2VjdXJpdHkucGRmTxEB0AAAAAAB0AACAAAITWFjIEJvb2sAAAAAAAAAAAAAAAAAAAAAAAAAAAAAAEJEAAH/////H0VuY3ljbG9wZWRpYSBvZiBDciNGRkZGRkZGRi5wZGYAAAAAAAAAAAAAAAAAAAAAAAAAAAAAAAAAAAAAAAAAAP////8AAAAAAAAAAAAAAAAAAQADAAAKIGN1AAAAAAAAAAAAAAAAAApSZWYuIFRlc2lzAAIATy86VXNlcnM6b2xnYTpEb2N1bWVudHM6UmVmLiBUZXNpczpFbmN5Y2xvcGVkaWEgb2YgQ3J5cHRvZ3JhcGh5IGFuZCBzZWN1cml0eS5wZGYAAA4AXAAtAEUAbgBjAHkAYwBsAG8AcABlAGQAaQBhACAAbwBmACAAQwByAHkAcAB0AG8AZwByAGEAcABoAHkAIABhAG4AZAAgAHMAZQBjAHUAcgBpAHQAeQAuAHAAZABmAA8AEgAIAE0AYQBjACAAQgBvAG8AawASAE1Vc2Vycy9vbGdhL0RvY3VtZW50cy9SZWYuIFRlc2lzL0VuY3ljbG9wZWRpYSBvZiBDcnlwdG9ncmFwaHkgYW5kIHNlY3VyaXR5LnBkZgAAEwABLwAAFQACAAv//wAAAAgADQAaACQAbAAAAAAAAAIBAAAAAAAAAAUAAAAAAAAAAAAAAAAAAAJA},
	Bdsk-Url-1 = {https://doi.org/10.1007/978-1-4419-5906-5_680}}

@book{Encyclopedia11,
	Bibsource = {dblp computer science bibliography, https://dblp.org},
	Biburl = {https://dblp.org/rec/bib/reference/crypt/2011},
	Date-Modified = {2018-04-18 22:41:08 +0000},
	Doi = {10.1007/978-1-4419-5906-5},
	Edition = {Second edition},
	Editor = {Henk C. A. van Tilborg and Sushil Jajodia},
	Isbn = {978-1-4419-5905-8},
	Publisher = {Springer},
	Timestamp = {Tue, 16 May 2017 14:01:51 +0200},
	Title = {Encyclopedia of Cryptography and Security},
	Url = {https://doi.org/10.1007/978-1-4419-5906-5},
	Year = {2011},
	Bdsk-File-1 = {YnBsaXN0MDDSAQIDBFxyZWxhdGl2ZVBhdGhZYWxpYXNEYXRhXxBFLi4vRG9jdW1lbnRzL1JlZi4gVGVzaXMvRW5jeWNsb3BlZGlhIG9mIENyeXB0b2dyYXBoeSBhbmQgc2VjdXJpdHkucGRmTxEB0AAAAAAB0AACAAAITWFjIEJvb2sAAAAAAAAAAAAAAAAAAAAAAAAAAAAAAEJEAAH/////H0VuY3ljbG9wZWRpYSBvZiBDciNGRkZGRkZGRi5wZGYAAAAAAAAAAAAAAAAAAAAAAAAAAAAAAAAAAAAAAAAAAP////8AAAAAAAAAAAAAAAAAAQADAAAKIGN1AAAAAAAAAAAAAAAAAApSZWYuIFRlc2lzAAIATy86VXNlcnM6b2xnYTpEb2N1bWVudHM6UmVmLiBUZXNpczpFbmN5Y2xvcGVkaWEgb2YgQ3J5cHRvZ3JhcGh5IGFuZCBzZWN1cml0eS5wZGYAAA4AXAAtAEUAbgBjAHkAYwBsAG8AcABlAGQAaQBhACAAbwBmACAAQwByAHkAcAB0AG8AZwByAGEAcABoAHkAIABhAG4AZAAgAHMAZQBjAHUAcgBpAHQAeQAuAHAAZABmAA8AEgAIAE0AYQBjACAAQgBvAG8AawASAE1Vc2Vycy9vbGdhL0RvY3VtZW50cy9SZWYuIFRlc2lzL0VuY3ljbG9wZWRpYSBvZiBDcnlwdG9ncmFwaHkgYW5kIHNlY3VyaXR5LnBkZgAAEwABLwAAFQACAAv//wAAAAgADQAaACQAbAAAAAAAAAIBAAAAAAAAAAUAAAAAAAAAAAAAAAAAAAJA},
	Bdsk-Url-1 = {https://doi.org/10.1007/978-1-4419-5906-5}}
